<?xml version="1.0" encoding="UTF-8" ?>
<collection xmlns:xsi="http://www.w3.org/2001/XMLSchema-instance" xsi:schemaLocation="http://www.loc.gov/MARC21/slim http://www.loc.gov/standards/marcxml/schema/MARC21slim.xsd" xmlns="http://www.loc.gov/MARC21/slim">
   <record>
      <leader>     cam a22     1  4500</leader>
      <controlfield tag="001">4652614</controlfield>
      <controlfield tag="003">NIC</controlfield>
      <controlfield tag="005">20141227103335.0</controlfield>
      <controlfield tag="008">010123m19629999iq acfh  bc   000 0 arao </controlfield>
      <datafield tag="010" ind1=" " ind2=" ">
         <subfield code="a">ne 68002474 </subfield>
      </datafield>
      <datafield tag="035" ind1=" " ind2=" ">
         <subfield code="a">(OCoLC)60650027</subfield>
      </datafield>
      <datafield tag="035" ind1=" " ind2=" ">
         <subfield code="a">4652614</subfield>
      </datafield>
      <datafield tag="040" ind1=" " ind2=" ">
         <subfield code="c">NN</subfield>
         <subfield code="d">NN</subfield>
         <subfield code="d">UkOxU</subfield>
         <subfield code="d">NIC</subfield>
      </datafield>
      <datafield tag="043" ind1=" " ind2=" ">
         <subfield code="a">a-iq---</subfield>
      </datafield>
      <datafield tag="050" ind1="0" ind2=" ">
         <subfield code="a">Z6621.M2573</subfield>
         <subfield code="b">A754</subfield>
      </datafield>
      <datafield tag="110" ind1="2" ind2=" ">
         <subfield code="a">Maktabat al-Imām al-Ḥakīm al-ʻĀmmah fī al-Najaf.</subfield>
      </datafield>
      <datafield tag="245" ind1="1" ind2="0">
         <subfield code="a">Min nawādir makhṭūṭāt Maktabat Āyat Allāh al-Ḥakīm al-ʻĀmmah, Jāmiʻ al-Hindī, al-Najaf al-Ashraf /</subfield>
         <subfield code="c">Ikhrāj wa-tanẓīm idārat al-maktabah.</subfield>
      </datafield>
      <datafield tag="250" ind1=" " ind2=" ">
         <subfield code="a">al-Ṭabʻah 1.</subfield>
      </datafield>
      <datafield tag="260" ind1=" " ind2=" ">
         <subfield code="a">al-Najaf al-Ashraf :</subfield>
         <subfield code="b">Maṭbaʻat al-Najaf,</subfield>
         <subfield code="c">[1962-]</subfield>
      </datafield>
      <datafield tag="300" ind1=" " ind2=" ">
         <subfield code="a">v. :</subfield>
         <subfield code="b">ill., facsims., plates, ports.,</subfield>
         <subfield code="c">25 cm.</subfield>
      </datafield>
      <datafield tag="504" ind1=" " ind2=" ">
         <subfield code="a">Bibliography: v. 1, p. 157-158.</subfield>
      </datafield>
      <datafield tag="600" ind1="1" ind2="0">
         <subfield code="a">Maktabat al-Imām al-Ḥakīm al-ʻĀmmah fī al-Najaf</subfield>
         <subfield code="v">Catalogs.</subfield>
      </datafield>
      <datafield tag="650" ind1=" " ind2="0">
         <subfield code="a">Manuscripts, Arabic</subfield>
         <subfield code="z">Iraq</subfield>
         <subfield code="z">Najaf</subfield>
         <subfield code="v">Catalogs.</subfield>
      </datafield>
      <datafield tag="600" ind1="1" ind2="7">
         <subfield code="a">Maktabat al-Imām al-Ḥakīm al-ʻĀmmah fī al-Najaf</subfield>
         <subfield code="2">fast/NIC/NAC</subfield>
      </datafield>
      <datafield tag="650" ind1=" " ind2="7">
         <subfield code="a">Manuscripts, Arabic</subfield>
         <subfield code="2">fast</subfield>
         <subfield code="0">(OCoLC)fst01008278</subfield>
      </datafield>
      <datafield tag="651" ind1=" " ind2="7">
         <subfield code="a">Iraq</subfield>
         <subfield code="z">Najaf</subfield>
         <subfield code="2">fast</subfield>
         <subfield code="0">(OCoLC)fst01225887</subfield>
      </datafield>
      <datafield tag="655" ind1=" " ind2="7">
         <subfield code="a">Catalogs</subfield>
         <subfield code="2">fast</subfield>
         <subfield code="0">(OCoLC)fst01423692</subfield>
      </datafield>
      <datafield tag="948" ind1="2" ind2=" ">
         <subfield code="a">20030426</subfield>
         <subfield code="b">x</subfield>
         <subfield code="d">hed5</subfield>
         <subfield code="e">lts</subfield>
         <subfield code="f">?</subfield>
         <subfield code="h">?</subfield>
      </datafield>
      <datafield tag="948" ind1="2" ind2=" ">
         <subfield code="a">20141227</subfield>
         <subfield code="b">m</subfield>
         <subfield code="d">batch</subfield>
         <subfield code="e">lts</subfield>
         <subfield code="x">addfast</subfield>
      </datafield>
      <datafield tag="903" ind1=" " ind2=" ">
         <subfield code="a">NYUACO</subfield>
         <subfield code="d">20150423</subfield>
         <subfield code="p">31924032394029</subfield>
      </datafield>
      <datafield tag="950" ind1=" " ind2=" ">
         <subfield code="a">A.D.</subfield>
         <subfield code="b">White Z6621.N35 M23</subfield>
         <subfield code="v"> </subfield>
      </datafield>
   </record>
</collection>
